@misc{a1,     
      title = "Tweepy Library documentation",
      howpublished = "http://docs.tweepy.org/en/latest/api.html/"
}
@misc{a2,     
      title ="Date time function in python",
      howpublished = "https://docs.python.org/2/library/datetime.htmll"
}

@misc{a3,     
      title = "Writing json data to file:",
      howpublished = "http://stackoverflow.com/questions/899103/writing-a-list-to-a-file-with-python"
}
@misc{a4,     
      title = "R histogram",
      howpublished = "http://www.r-tutor.com/elementary-statistics/quantitative-data/histograml"
}
@misc{a5,    
      title = "R scatterplot",
      howpublished = "http://www.harding.edu/fmccown/r/"
}
@misc{a6,    
      title = "Carbon Date service",
      howpublished = "http://ws-dl.blogspot.com/2014/11/2014-11-14-carbon-dating-web-version-20.html"
}
