\begin{thebibliography}{1}
\bibitem{one}
 On-line GitHub repository, 
{\tt \\https://github.com/nico/collectiveintelligence-book }.

\bibitem{two}
online Atom/RSS feed validation service, 
{\tt http://validator.w3.org/feed/}.


\end{thebibliography}
 

\end{document}

