@misc{a1,     
      title = "Tutorial to run Shell Commands in Python:",
      howpublished = "http://unix.stackexchange.com/questions/238180/execute-shell-commands-in-python/"
}
@misc{a2,     
      title ="Tutorial for Grep Command",
      howpublished = " https://en.wikipedia.org/wiki/Grepl:"
}

@misc{a3,     
      title = "Using Grep command to retrieve find files matching keyword :",
      howpublished = "http://stackoverflow.com/questions/4121803/how-can-i-use-grep-to-find-a-word-inside-a-folder"
}
@misc{a4,     
      title = "To find Corpus size of Bing:",
      howpublished = "http://www.worldwidewebsize.com/l"
}
@misc{a5,    
      title = "Web Service to find the page rank of a URI:",
      howpublished = "http://www.seocentro.com/tools/search-engines/pagerank.html"
}
@misc{a6,    
      title = "Seperating characters and digits from a string:",
      howpublished = "http://stackoverflow.com/questions/1450897/python-removing-characters-except-digits-from-stringl"
}
