@misc{igraph, 
    title        = {Paper-An Information Flow Model for Conflict and  Fission in Small Groups},
    howpublished = {\url{ http://aris.ss.uci.edu/~lin/76.pdf}}
}
@misc{p, 
    title        = {Lecture slides},
    howpublished ={\url{http://www-personal.umich.edu/~ladamic/courses/networks/si614w06/ppt/lecture18.ppt}}
}
@misc{pdf,
    title        = {igraph API},
    howpublished ={\url{https://www.cs.rhul.ac.uk/home/tamas/development/igraph/tutorial/tutorial.html}}
}
@misc{resources,
    title        = {installation},
    howpublished ={\url {http://cairographics.org/pycairo}}
}
